@misc{Record,
	author = "Kevin Lynch",
	title = "Grand Theft Auto the Five Breaks 6 Sales World Records",
	howpublished = "\url{http://www.guinnessworldrecords.com/news/2013/10/confirmed-grand-theft-auto-breaks-six-sales-world-records-51900/}",
}

@misc{Process,
	author = "CenterCode",
	title = "Beta Testing Process",
	howpublished = "\url{http://www.centercode.com/beta/process/}",
}

@book{Fine:Beta,
	author = "Michael Fine",
	title = "Beta Testing for Better Software",
	year = 2002,
	publisher = "John Wiley & Sons",
	%ISBN 0-471-25037-6,
	%http://www.google.sk/books?id=XoKrMjrsU8EC&lpg=PP1&hl=sk&pg=PP1#v=onepage&q&f=false
}

@book{Fullerton:Game,
	author = "Tracy Fullerton",
	title = "Game Design Workshop",
	year = 2014,
	publisher = "CRC Press",
	%ISBN 978-1-4822-1716-2,
	%http://www.google.sk/books?id=7nDvAgAAQBAJ&lpg=PP1&ots=m_nLVpLErn&dq=game%20beta%20testing&lr&hl=sk&pg=PR9#v=onepage&q&f=false
}
@book{NST:Understanding,
	author = "Simon Egenfeldt-Nielsen and  Jonas Heide Smith and  Susana Pajares Tosca",
	title = "Understanding Video Games: The Essential Introduction",
	year = 2013,
	publisher = "Routledge",
	%ISBN 978-0-415-89697-9,
	%http://www.google.sk/books?id=0tygn2UisUoC&printsec=frontcover&hl=sk#v=onepage&q&f=false
}